<?xml version="1.0" encoding="UTF-8"?><collection xmlns="http://www.loc.gov/MARC21/slim"><record><leader>00559nam--2200193-i-4500</leader><controlfield tag="001">000043784</controlfield><controlfield tag="002">20161230</controlfield><controlfield tag="005">20161230201044</controlfield><controlfield tag="008">060222s1000------------r-----000-0-fre-d</controlfield><datafield ind1=" " ind2=" " tag="040"><subfield code="a">IFIN-HH</subfield></datafield><datafield ind1=" " ind2=" " tag="041"><subfield code="a">fre</subfield></datafield><datafield ind1=" " ind2=" " tag="080"><subfield code="a">53.01</subfield></datafield><datafield ind1="1" ind2=" " tag="100"><subfield code="a">Taton,R</subfield></datafield><datafield ind1="1" ind2="0" tag="245"><subfield code="a">Causalite et accidents de la decouverte scientifique. illustration de quelques etapes caracteristiques de l`evolution des sciences</subfield><subfield code="c">R. taton</subfield></datafield><datafield ind1=" " ind2=" " tag="260"><subfield code="a">Paris</subfield><subfield code="b">Masson</subfield><subfield code="c">1955</subfield></datafield><datafield ind1=" " ind2=" " tag="300"><subfield code="a">168P</subfield></datafield><datafield ind1=" " ind2=" " tag="490"><subfield code="a">Evolution Des Sceinces</subfield></datafield><datafield ind1=" " ind2=" " tag="852"><subfield code="a">11708</subfield><subfield code="c">53.01</subfield></datafield><datafield ind1=" " ind2=" " tag="CAT"><subfield code="a">Sys</subfield><subfield code="c">20151012</subfield><subfield code="h">115634</subfield></datafield></record></collection>